<record><leader>00000cas a2200000 a 4500</leader><controlfield tag="001">41935896</controlfield><controlfield tag="008">990721d19491950cauwr ne      0    0eng c</controlfield><datafield ind1=" " ind2=" " tag="010"><subfield code="a">sn 99060652 </subfield></datafield><datafield ind1=" " ind2=" " tag="040"><subfield code="a">CNK</subfield><subfield code="b">eng</subfield><subfield code="c">CNK</subfield><subfield code="d">OCLCQ</subfield><subfield code="d">OCLCF</subfield><subfield code="d">OCLCO</subfield></datafield><datafield ind1=" " ind2=" " tag="042"><subfield code="a">pcc</subfield></datafield><datafield ind1=" " ind2=" " tag="043"><subfield code="a">n-us-ca</subfield></datafield><datafield ind1="0" ind2=" " tag="130"><subfield code="a">Spectator (Carmel, Calif.)</subfield></datafield><datafield ind1="1" ind2="4" tag="245"><subfield code="a">The spectator.</subfield></datafield><datafield ind1="1" ind2="7" tag="246"><subfield code="a">Carmel spectator</subfield><subfield code="f">Nov. 3, 1950</subfield></datafield><datafield ind1=" " ind2=" " tag="260"><subfield code="a">Carmel-By-The-Sea, Calif. :</subfield><subfield code="b">Coast Pub. Co.</subfield></datafield><datafield ind1=" " ind2=" " tag="300"><subfield code="a">v.</subfield></datafield><datafield ind1=" " ind2=" " tag="310"><subfield code="a">Weekly</subfield></datafield><datafield ind1="0" ind2=" " tag="362"><subfield code="a">Vol. 2, no. 24 (Sept. 29, 1949)-v. 5, no. 3 (Nov. 3, 1950).</subfield></datafield><datafield ind1=" " ind2=" " tag="500"><subfield code="a">Serving "Carmel, Monterey, Pacific Grove, Pebble Beach, Carmel Valley."</subfield></datafield><datafield ind1=" " ind2="0" tag="651"><subfield code="a">Carmel (Calif.)</subfield><subfield code="v">Newspapers.</subfield></datafield><datafield ind1=" " ind2="0" tag="651"><subfield code="a">Carmel Valley (Calif.)</subfield><subfield code="v">Newspapers.</subfield></datafield><datafield ind1=" " ind2="0" tag="651"><subfield code="a">Pebble Beach (Calif.)</subfield><subfield code="v">Newspapers.</subfield></datafield><datafield ind1=" " ind2="7" tag="655"><subfield code="a">Newspapers.</subfield><subfield code="2">fast</subfield><subfield code="0">(OCoLC)fst01423814</subfield></datafield><datafield ind1=" " ind2="7" tag="651"><subfield code="a">California</subfield><subfield code="z">Carmel.</subfield><subfield code="2">fast</subfield><subfield code="0">(OCoLC)fst01209285</subfield></datafield><datafield ind1=" " ind2="7" tag="651"><subfield code="a">California</subfield><subfield code="z">Carmel Valley.</subfield><subfield code="2">fast</subfield><subfield code="0">(OCoLC)fst01215443</subfield></datafield><datafield ind1=" " ind2="7" tag="651"><subfield code="a">California</subfield><subfield code="z">Pebble Beach.</subfield><subfield code="2">fast</subfield><subfield code="0">(OCoLC)fst01222190</subfield></datafield><datafield ind1=" " ind2=" " tag="752"><subfield code="a">United States</subfield><subfield code="b">California</subfield><subfield code="c">Monterey</subfield><subfield code="d">Carmel.</subfield></datafield><datafield ind1="0" ind2="0" tag="780"><subfield code="t">Carmel, Pebble Beach, Carmel Valley spectator</subfield><subfield code="w">(DLC)sn 99060651</subfield></datafield><datafield ind1="0" ind2="0" tag="785"><subfield code="t">Carmel spectator (Carmel, Calif. : 1950)</subfield><subfield code="w">(DLC)sn 99060653</subfield></datafield></record>